@misc{HMM,
  title        = {Case Studies: HMM and CRF},
  author       = {T. S. R. Z. H. Z. Eric P. Xing},
  year         = {2020},
  volume       = {6},
  publisher    = {CMU, Department of Computer Science, Probabilistic Graphical Models},
  howpublished = {[Lecture]},
  type         = {Lecture}
}

@book{1162264,
  title     = {Pattern Recognition and Machine Learning (Information Science and Statistics)},
  author    = {Bishop, Christopher M.},
  year      = {2006},
  publisher = {Springer-Verlag},
  address   = {Berlin, Heidelberg},
  isbn      = {0387310738}
}

@misc{EEEM030,
  title        = {Speech and Language Processing},
  author       = {Philip Jackson},
  year         = {2024},
  publisher    = {Department of Electronic Engineering, University of Surrey},
  howpublished = {[Lecture]},
  type         = {Lecture}
}

@book{jm3,
  title   = {Speech and Language Processing: An Introduction to
             Natural Language Processing, Computational Linguistics,
             and Speech Recognition with Language Models},
  author  = {Daniel Jurafsky and James H. Martin},
  year    = {2024},
  edition = {3rd},
  note    = {Online manuscript released August 20, 2024},
  url     = {https://web.stanford.edu/~jurafsky/slp3/}
}

@book{HTK,
  title  = {The HTK book},
  author = {Young, Steve and Evermann, G and Gales, M.J.F. and Hain, Thomas and Kershaw, D and Liu, Xunying and Moore, G and Odell, James and Ollason, D and Povey, Daniel and Valtchev, V and Woodland, Philip},
  year   = {2002},
  pages  = {},
  month  = {01}
}